@article{Ajzen2020,
  author    = {Ajzen, I.},
  title     = {The theory of planned behavior: Frequently asked questions},
  journal   = {Human Behavior \& Emerging Technologies},
  year      = {2020},
  volume    = {2},
  pages     = {314--324},
  doi       = {10.1002/hbe2.195},
}

@book{DiIorio2005,
  author    = {Di Iorio, C. K.},
  title     = {Measurement in swing: Methods for research and education},
  publisher = {Jossey-Bass},
  year      = {2005},
}

@article{Gajdosik1987,
  author    = {Gajdosik, R. L. and Bohannon, R. W.},
  title     = {Clinical Measurement of Range of Motion: Review of Goniometry Emphasizing Reliability and Validity},
  journal   = {Physical Therapy},
  year      = {1987},
  volume    = {67},
  number    = {12},
  pages     = {1867--1872},
  doi       = {10.1093/ptj/67.12.1867},
}
